<collection xmlns="http://www.loc.gov/MARC21/slim">
<record>
  <leader>02677nam0a22004451i 450 </leader>
  <controlfield tag="001">IT\ICCU\CNCE\071599</controlfield>
  <controlfield tag="005">20170615000000.0</controlfield>
  <datafield tag="100" ind1=" " ind2=" ">
    <subfield code="a">20070808d1512        0itac0103    ba</subfield>
  </datafield>
  <datafield tag="101" ind1=" " ind2=" ">
    <subfield code="a">LAT</subfield>
  </datafield>
  <datafield tag="102" ind1=" " ind2=" ">
    <subfield code="a">IT</subfield>
  </datafield>
  <datafield tag="200" ind1="1" ind2=" ">
    <subfield code="a">℗Celeberrimi iuris interpretis domini Hipoliti de Marsiliis Bononiensis ℗Singularia seu notabilia ex utroque iure per eum collecta et simul redacta ultra Ludo. Roma. Matthei de mathesil. Fran. de crema. do. Ant. Corse. et ultra cautelas do. Bartho. Cepo. et finaliter ultra singularia et notabilia omnium modernorum</subfield>
  </datafield>
  <datafield tag="210" ind1=" " ind2=" ">
    <subfield code="e">Impressa ... Mediolani</subfield>
    <subfield code="g">per Io. Ang. Scinzenzeler</subfield>
    <subfield code="g">impensis Io. Iac. et fratrum de Lignano mercatorum Mediolan.</subfield>
    <subfield code="h">1512 die 13 Februarii</subfield>
  </datafield>
  <datafield tag="215" ind1=" " ind2=" ">
    <subfield code="a">\1!, XVI, \5! c.</subfield>
    <subfield code="d">fol</subfield>
  </datafield>
  <datafield tag="620" ind1=" " ind2=" ">
    <subfield code="a">IT</subfield>
    <subfield code="d">Milano</subfield>
  </datafield>
  <datafield tag="700" ind1=" " ind2="1">
    <subfield code="a">Marsili,</subfield>
    <subfield code="b">Ippolito</subfield>
    <subfield code="3">IT\ICCU\CNCA\007222</subfield>
  </datafield>
  <datafield tag="702" ind1=" " ind2="1">
    <subfield code="a">Pontano,</subfield>
    <subfield code="b">Ludovico</subfield>
    <subfield code="3">IT\ICCU\CNCA\009718</subfield>
  </datafield>
  <datafield tag="702" ind1=" " ind2="0">
    <subfield code="a">Francesco</subfield>
    <subfield code="c"> : da#Crema</subfield>
    <subfield code="3">IT\ICCU\CNCA\021614</subfield>
  </datafield>
  <datafield tag="702" ind1=" " ind2="1">
    <subfield code="a">Mattesillani,</subfield>
    <subfield code="b">Matteo</subfield>
    <subfield code="3">IT\ICCU\CNCA\002159</subfield>
  </datafield>
  <datafield tag="702" ind1=" " ind2="1">
    <subfield code="a">Corsetti,</subfield>
    <subfield code="b">Antonio</subfield>
    <subfield code="3">IT\ICCU\CNCA\003130</subfield>
  </datafield>
  <datafield tag="702" ind1=" " ind2="1">
    <subfield code="a">Gerardo,</subfield>
    <subfield code="b">Pietro</subfield>
    <subfield code="c"> &lt;giurista&gt;</subfield>
    <subfield code="3">IT\ICCU\CNCA\005972</subfield>
  </datafield>
  <datafield tag="712" ind1="0" ind2="0">
    <subfield code="a">Scinzenzeler, Giovanni Angelo</subfield>
    <subfield code="3">IT\ICCU\CNCT\000084</subfield>
    <subfield code="4">650</subfield>
  </datafield>
  <datafield tag="712" ind1="0" ind2="0">
    <subfield code="a">Da_Legnano, Giovanni Giacomo &amp; fratelli</subfield>
    <subfield code="3">IT\ICCU\CNCT\001554</subfield>
    <subfield code="4">650</subfield>
  </datafield>
  <datafield tag="790" ind1=" " ind2="1">
    <subfield code="a">Marsiliis,</subfield>
    <subfield code="b">Hippolytus :  de</subfield>
    <subfield code="3">IT\ICCU\CNCA\009254</subfield>
    <subfield code="z">Marsili, Ippolito</subfield>
  </datafield>
  <datafield tag="790" ind1=" " ind2="0">
    <subfield code="a">Hippolytus</subfield>
    <subfield code="c"> : de#Marsilijs</subfield>
    <subfield code="3">IT\ICCU\CNCA\021052</subfield>
    <subfield code="z">Marsili, Ippolito</subfield>
  </datafield>
  <datafield tag="790" ind1=" " ind2="1">
    <subfield code="a">De_Ponte,</subfield>
    <subfield code="b">Ludovicus</subfield>
    <subfield code="3">IT\ICCU\CNCA\010453</subfield>
    <subfield code="z">Pontano, Ludovico</subfield>
  </datafield>
  <datafield tag="790" ind1=" " ind2="0">
    <subfield code="a">Ludovicus</subfield>
    <subfield code="c"> : Romanus</subfield>
    <subfield code="3">IT\ICCU\CNCA\022886</subfield>
    <subfield code="z">Pontano, Ludovico</subfield>
  </datafield>
  <datafield tag="790" ind1=" " ind2="1">
    <subfield code="a">Pontanus,</subfield>
    <subfield code="b">Ludovicus</subfield>
    <subfield code="3">IT\ICCU\CNCA\022887</subfield>
    <subfield code="z">Pontano, Ludovico</subfield>
  </datafield>
  <datafield tag="790" ind1=" " ind2="1">
    <subfield code="a">Cremensis,</subfield>
    <subfield code="b">Franciscus</subfield>
    <subfield code="3">IT\ICCU\CNCA\024173</subfield>
    <subfield code="z">Francesco : da#Crema</subfield>
  </datafield>
  <datafield tag="790" ind1=" " ind2="1">
    <subfield code="a">Mathesilanus,</subfield>
    <subfield code="b">Matthaeus</subfield>
    <subfield code="3">IT\ICCU\CNCA\014615</subfield>
    <subfield code="z">Mattesillani, Matteo</subfield>
  </datafield>
  <datafield tag="790" ind1=" " ind2="1">
    <subfield code="a">Matthesilanus,</subfield>
    <subfield code="b">Matthaeus</subfield>
    <subfield code="3">IT\ICCU\CNCA\020539</subfield>
    <subfield code="z">Mattesillani, Matteo</subfield>
  </datafield>
  <datafield tag="790" ind1=" " ind2="1">
    <subfield code="a">Matesilanus,</subfield>
    <subfield code="b">Matheus</subfield>
    <subfield code="3">IT\ICCU\CNCA\023031</subfield>
    <subfield code="z">Mattesillani, Matteo</subfield>
  </datafield>
  <datafield tag="790" ind1=" " ind2="1">
    <subfield code="a">Mathesilani,</subfield>
    <subfield code="b">Matthaeus</subfield>
    <subfield code="3">IT\ICCU\CNCA\023033</subfield>
    <subfield code="z">Mattesillani, Matteo</subfield>
  </datafield>
  <datafield tag="790" ind1=" " ind2="1">
    <subfield code="a">Corsetus,</subfield>
    <subfield code="b">Antonius</subfield>
    <subfield code="3">IT\ICCU\CNCA\003517</subfield>
    <subfield code="z">Corsetti, Antonio</subfield>
  </datafield>
  <datafield tag="790" ind1=" " ind2="1">
    <subfield code="a">Corsetto,</subfield>
    <subfield code="b">Antonio</subfield>
    <subfield code="3">IT\ICCU\CNCA\023300</subfield>
    <subfield code="z">Corsetti, Antonio</subfield>
  </datafield>
  <datafield tag="790" ind1=" " ind2="1">
    <subfield code="a">Corsictus,</subfield>
    <subfield code="b">Antonius</subfield>
    <subfield code="3">IT\ICCU\CNCA\023301</subfield>
    <subfield code="z">Corsetti, Antonio</subfield>
  </datafield>
  <datafield tag="790" ind1=" " ind2="1">
    <subfield code="a">Corsettus,</subfield>
    <subfield code="b">Antonius</subfield>
    <subfield code="3">IT\ICCU\CNCA\023302</subfield>
    <subfield code="z">Corsetti, Antonio</subfield>
  </datafield>
  <datafield tag="790" ind1=" " ind2="1">
    <subfield code="a">Gerardus,</subfield>
    <subfield code="b">Petrus</subfield>
    <subfield code="3">IT\ICCU\CNCA\014114</subfield>
    <subfield code="z">Gerardo, Pietro &lt;giurista&gt;</subfield>
  </datafield>
  <datafield tag="790" ind1=" " ind2="1">
    <subfield code="a">Petra-Sancta,</subfield>
    <subfield code="b">Petrus Gerhardus : de</subfield>
    <subfield code="3">IT\ICCU\CNCA\021630</subfield>
    <subfield code="z">Gerardo, Pietro &lt;giurista&gt;</subfield>
  </datafield>
  <datafield tag="791" ind1="0" ind2="0">
    <subfield code="a">Schinzenzeler, Giovanni Angelo</subfield>
    <subfield code="3">IT\ICCU\CNCT\005621</subfield>
    <subfield code="z">Scinzenzeler, Giovanni Angelo</subfield>
  </datafield>
  <datafield tag="801" ind1=" " ind2="3">
    <subfield code="a">IT</subfield>
    <subfield code="b">ICCU</subfield>
    <subfield code="c">20201115</subfield>
  </datafield>
</record>
</collection>
